<?xml version="1.0" encoding="UTF-8"?><collection xmlns="http://www.loc.gov/MARC21/slim"><record><leader>00572nam--2200133-i-4500</leader><controlfield tag="001">000022559</controlfield><controlfield tag="002">20161230</controlfield><controlfield tag="005">20161230201034</controlfield><controlfield tag="008">060222s1000------------r-----000-0-eng-d</controlfield><datafield ind1=" " ind2=" " tag="080"><subfield code="a">621.039.577</subfield></datafield><datafield ind1=" " ind2=" " tag="100"><subfield code="a">Haywood, L.R</subfield></datafield><datafield ind1=" " ind2=" " tag="245"><subfield code="a">Trends in design and costs of heavy water moderated nuclear power plants. paper presented to the c.n.a. international conference on the operating experience and future development of power reactors and on radioisotopes at montreal, canada, may, 27, 28</subfield></datafield><datafield ind1=" " ind2=" " tag="260"><subfield code="a">Montreal, Canadian Nuclear Association, 1963. 12 P. + 3 Fig</subfield></datafield><datafield ind1=" " ind2=" " tag="852"><subfield code="a">23740</subfield></datafield></record></collection>